@online{id,
	author = {Mike Bostock},
	title = {title},
	year = {2011},
	url = {http://github.com}
}
